<record><leader>00000cas a2200000 a 4500</leader><controlfield tag="001">12352199</controlfield><controlfield tag="008">850806d18841886ksuwr ne      0    0eng d</controlfield><datafield ind1=" " ind2=" " tag="010"><subfield code="a">sn 85031944 </subfield></datafield><datafield ind1=" " ind2=" " tag="040"><subfield code="a">KSH</subfield><subfield code="b">eng</subfield><subfield code="c">KSH</subfield><subfield code="d">NPT</subfield><subfield code="d">OCL</subfield><subfield code="d">OCLCQ</subfield></datafield><datafield ind1=" " ind2=" " tag="042"><subfield code="a">msc</subfield></datafield><datafield ind1="0" ind2="4" tag="245"><subfield code="a">The Kansas northwest.</subfield></datafield><datafield ind1="1" ind2="3" tag="246"><subfield code="a">Monitor</subfield><subfield code="f">Aug. 7, 1885-May 27, 1886</subfield></datafield><datafield ind1=" " ind2=" " tag="260"><subfield code="a">Lenora, Kan. :</subfield><subfield code="b">Will C. Thorton,</subfield><subfield code="c">1884-1886.</subfield></datafield><datafield ind1=" " ind2=" " tag="300"><subfield code="a">3 v. ;</subfield><subfield code="c">55 cm.</subfield></datafield><datafield ind1=" " ind2=" " tag="310"><subfield code="a">Weekly</subfield></datafield><datafield ind1="0" ind2=" " tag="362"><subfield code="a">Vol. 1, no. 1 (Apr. 9, 1884)-v. 3, no. 11 (May 27, 1886).</subfield></datafield><datafield ind1=" " ind2=" " tag="500"><subfield code="a">Published by: W.S. Gray &amp; Son, Aug. 7, 1885-May 27, 1886; W.S. Gray &amp; Co., Mar. 26-May 27, 1887.</subfield></datafield><datafield ind1=" " ind2=" " tag="525"><subfield code="a">Includes supplements.</subfield></datafield><datafield ind1=" " ind2=" " tag="752"><subfield code="a">United States</subfield><subfield code="b">Kansas</subfield><subfield code="c">Norton</subfield><subfield code="d">Lenora.</subfield></datafield><datafield ind1="0" ind2="0" tag="785"><subfield code="t">Common people (Lenora, Kan.)</subfield><subfield code="w">(DLC)sn 85031943</subfield></datafield></record>